\begin{thebibliography}{99}

%--------------------------------------------------------
%----------------- Ubiquitous Computing -----------------
%--------------------------------------------------------

@article{Abowd:2000:CPP:344949.344988,
 author = {Abowd, Gregory D. and Mynatt, Elizabeth D.},
 title = {Charting Past, Present, and Future Research in Ubiquitous Computing},
 journal = {ACM Trans. Comput.-Hum. Interact.},
 issue_date = {March 2000},
 volume = {7},
 number = {1},
 month = mar,
 year = {2000},
 issn = {1073-0516},
 pages = {29--58},
 numpages = {30},
 url = {http://doi.acm.org/10.1145/344949.344988},
 doi = {10.1145/344949.344988},
 acmid = {344988},
 publisher = {ACM},
 address = {New York, NY, USA},
 keywords = {augmented reality, capture and access, context-aware applications, evaluation, everyday computing, natural interfaces, social implications, ubiquitous computing, user interfaces},
} 

%--------------------------------------------------------
%------------------- Pervasive Games --------------------
%--------------------------------------------------------

@article{Kasapakis_pervasivegaming: ,
    author = {Vlasios Kasapakis and Damianos Gavalas},
    title = {Pervasive Gaming:  Status,  Trends and Design Principles},
    journal  = {Journal of Network and Computer Applications},
    volume = {55},
    pages = {213-236},
    year = {2015}
}

@article{10.1109/MPRV.2006.11,
	author = {Mikael Wiberg, and Kalle Jegers, },
	title = {Pervasive Gaming in the Everyday World},
	journal = {IEEE Pervasive Computing},
	volume = {5},
	number = {},
	issn = {1536-1268},
	year = {2006},
	pages = {78-85},
	doi = {doi.ieeecomputersociety.org/10.1109/MPRV.2006.11},
	publisher = {IEEE Computer Society},
	address = {Los Alamitos, CA, USA},
}


%--------------------------------------------------------
%-------------------------- IOT -------------------------
%--------------------------------------------------------

@article{Gubbi:2013:ITV:2489313.2489456,
 author = {Gubbi, Jayavardhana and Buyya, Rajkumar and Marusic, Slaven and Palaniswami, Marimuthu},
 title = {Internet of Things (IoT): A Vision, Architectural Elements, and Future Directions},
 journal = {Future Gener. Comput. Syst.},
 issue_date = {September, 2013},
 volume = {29},
 number = {7},
 month = sep,
 year = {2013},
 issn = {0167-739X},
 pages = {1645--1660},
 numpages = {16},
 url = {http://dx.doi.org/10.1016/j.future.2013.01.010},
 doi = {10.1016/j.future.2013.01.010},
 acmid = {2489456},
 publisher = {Elsevier Science Publishers B. V.},
 address = {Amsterdam, The Netherlands, The Netherlands},
 keywords = {Cloud computing, Internet of Things, RFID, Smart environments, Ubiquitous sensing, Wireless sensor networks},
} 

@online{ashton_iot,
	author = {Kevin Ashton},
    title = {That 'Internet of Things' Thing},
    year = {2009}
}

@article{itu-t:Y.2060,
	author = {International Telecommunication Union},
    title = {Overview of the Internet of things},
    journal = {ITU-T Y.2060},
    issue_data = {06, 2012},
    month = jun,
    year = {2012},
    url = {http://handle.itu.int/11.1002/1000/11559}    
}

@article{Atzori:2010:ITS:1862461.1862541,
 author = {Atzori, Luigi and Iera, Antonio and Morabito, Giacomo},
 title = {The Internet of Things: A Survey},
 journal = {Comput. Netw.},
 issue_date = {October, 2010},
 volume = {54},
 number = {15},
 month = oct,
 year = {2010},
 issn = {1389-1286},
 pages = {2787--2805},
 numpages = {19},
 url = {http://dx.doi.org/10.1016/j.comnet.2010.05.010},
 doi = {10.1016/j.comnet.2010.05.010},
 acmid = {1862541},
 publisher = {Elsevier North-Holland, Inc.},
 address = {New York, NY, USA},
 keywords = {Internet of Things, Pervasive computing, RFID systems},
} 

@article{eposs:iot-defination-2008,
    booktitle = {INFSO D.4 Networked Enterprise \& RFID INFSO G.2 Micro \& Nanosystems, in: Co-operation with the Working Group RFID of the ETP EPOSS,},
    howpublished = {Workshop Report},
    institution = {EC-EPoSS},
    keywords = {2020, future, internet, of, roadmap, things},
    month = may,
    posted-at = {2016-11-29 03:28:27},
    priority = {2},
    title = {{Internet of Things in 2020: Roadmap for the future, Version 1.1}},
    url = {http://www.smart-systems-integration.org/public/documents/publications/Internet-of-Things\_in\_2020\_EC-EPoSS\_Workshop\_Report\_2008\_v3.pdf},
    year = {2008}
}



%--------------------------------------------------------
%--------------------- Fog Computing --------------------
%--------------------------------------------------------

@inproceedings{Bonomi:2012:FCR:2342509.2342513,
 author = {Bonomi, Flavio and Milito, Rodolfo and Zhu, Jiang and Addepalli, Sateesh},
 title = {Fog Computing and Its Role in the Internet of Things},
 booktitle = {Proceedings of the First Edition of the MCC Workshop on Mobile Cloud Computing},
 series = {MCC '12},
 year = {2012},
 isbn = {978-1-4503-1519-7},
 location = {Helsinki, Finland},
 pages = {13--16},
 numpages = {4},
 url = {http://doi.acm.org/10.1145/2342509.2342513},
 doi = {10.1145/2342509.2342513},
 acmid = {2342513},
 publisher = {ACM},
 address = {New York, NY, USA},
 keywords = {analytics, cloud computing, fog computing, iot, real time systems, software defined networks, wsan},
}

@techreport{cisco:fog,
	author = {Cisco},
    title = {Fog Computing and the Internet of Things: Extend the Cloud to Where the Things Are},
    month = {April},
    year = {2015},
    pages = {6},
    url = {http://www.cisco.com/c/dam/en_us/solutions/trends/iot/docs/computing-overview.pdf}        
}



\end{thebibliography}